@book{halmos,
  title={Finite dimensional vector spaces},
  author={Halmos, Paul R},
  number={7},
  year={1947},
  publisher={Princeton University Press}
}

@article{herstein,
  title={Topics in Algebra. 1964},
  author={Herstein, IN},
  journal={Blaisdell, New York}
}

@misc{hoffman,
  title={Linear Algebra. 1971},
  author={Hoffman, Kenneth and Kunze, Ray},
  publisher={Prentice Hall} 
}

@article{Leron(1983),
  title={Structuring mathematical proofs},
  author={Leron, U.},
  journal={The American Mathematical Monthly},
  volume={90},
  number={3},
  pages={174--185},
  year={1983},
  publisher={JSTOR}
}